<?xml version="1.0" encoding="UTF-8"?><record xmlns="http://www.loc.gov/MARC21/slim" xmlns:cinclude="http://apache.org/cocoon/include/1.0" xmlns:zs="http://www.loc.gov/zing/srw/">
  <leader>00330cz  a2200121n  4500</leader>
  <controlfield tag="001">n  92800757 </controlfield>
  <controlfield tag="003">DLC</controlfield>
  <controlfield tag="005">19920320142306.7</controlfield>
  <controlfield tag="008">920318n| acannaab|          |n aaa ||| b</controlfield>
  <datafield tag="010" ind1=" " ind2=" ">
    <subfield code="a">n  92800757 </subfield>
  </datafield>
  <datafield tag="040" ind1=" " ind2=" ">
    <subfield code="a">DNLM</subfield>
    <subfield code="c">DLC</subfield>
    <subfield code="d">DLC</subfield>
  </datafield>
  <datafield tag="100" ind1="1" ind2="0">
    <subfield code="a">Peck, Magda G.</subfield>
  </datafield>
  <datafield tag="670" ind1=" " ind2=" ">
    <subfield code="a">What works, 1990 urban MCH programs, 1991:</subfield>
    <subfield code="b">t.p. (Magda G. Peck, ScD, PA)</subfield>
  </datafield>
</record>